@PREAMBLE{ "\newcommand{\noopsort}[1]{}" }

@STRING{CUP = {Cambridge University Press}}
@STRING{OUP = {Oxford University Press}}
@STRING{PUP = {Princeton University Press}}
@STRING{SV = {Springer-Verlag}}
@STRING{AP = {Academic Press}}
@STRING{AMS = {American Mathematical Society}}

@article {MR1917056,
    AUTHOR = {Bar-Natan, Dror},
     TITLE = {On {K}hovanov's categorification of the {J}ones polynomial},
   JOURNAL = {Algebr. Geom. Topol.},
  FJOURNAL = {Algebraic \& Geometric Topology},
    VOLUME = {2},
      YEAR = {2002},
     PAGES = {337--370 (electronic)},
      ISSN = {1472-2747},
   MRCLASS = {57M27},
  MRNUMBER = {MR1917056 (2003h:57014)},
MRREVIEWER = {Jacob Andrew Rasmussen},
      note = {arXiv:\arxiv{math.QA/0201043}},
}

@incollection {MR2147420,
    AUTHOR = {Bar-Natan, Dror},
     TITLE = {Khovanov homology for knots and links with up to 11 crossings},
 BOOKTITLE = {Advances in topological quantum field theory},
    SERIES = {NATO Sci. Ser. II Math. Phys. Chem.},
    VOLUME = {179},
     PAGES = {167--241},
 PUBLISHER = {Kluwer Acad. Publ.},
   ADDRESS = {Dordrecht},
      YEAR = {2004},
   MRCLASS = {57M27},
  MRNUMBER = {MR2147420 (2006c:57009)},
MRREVIEWER = {Marta M. Asaeda},
}

@article {MR2174270,
    AUTHOR = {Bar-Natan, Dror},
     TITLE = {Khovanov's homology for tangles and cobordisms},
   JOURNAL = {Geom. Topol.},
  FJOURNAL = {Geometry and Topology},
    VOLUME = {9},
      YEAR = {2005},
     PAGES = {1443--1499 (electronic)},
      ISSN = {1465-3060},
   MRCLASS = {57M27 (57M25)},
  MRNUMBER = {MR2174270},
      note = {arXiv:\arxiv{math.GT/0410495}},
}

@article {MR1680395,
    AUTHOR = {Khovanov, Mikhail and Kuperberg, Greg},
     TITLE = {Web bases for {${\rm sl}(3)$} are not dual canonical},
   JOURNAL = {Pacific J. Math.},
  FJOURNAL = {Pacific Journal of Mathematics},
    VOLUME = {188},
      YEAR = {1999},
    NUMBER = {1},
     PAGES = {129--153},
      ISSN = {0030-8730},
     CODEN = {PJMAAI},
   MRCLASS = {17B37 (22E60 57M27 81R05)},
  MRNUMBER = {MR1680395 (2000j:17023a)},
MRREVIEWER = {Robert J. Marsh},
      note = {arXiv:\arxiv{q-alg/9712046}},
}

@article {MR1740682,
    AUTHOR = {Khovanov, Mikhail},
     TITLE = {A categorification of the {J}ones polynomial},
   JOURNAL = {Duke Math. J.},
  FJOURNAL = {Duke Mathematical Journal},
    VOLUME = {101},
      YEAR = {2000},
    NUMBER = {3},
     PAGES = {359--426},
      ISSN = {0012-7094},
     CODEN = {DUMJAO},
   MRCLASS = {57M27 (57R56)},
  MRNUMBER = {MR1740682 (2002j:57025)},
}

@article {MR1928174,
    AUTHOR = {Khovanov, Mikhail},
     TITLE = {A functor-valued invariant of tangles},
   JOURNAL = {Algebr. Geom. Topol.},
  FJOURNAL = {Algebraic \& Geometric Topology},
    VOLUME = {2},
      YEAR = {2002},
     PAGES = {665--741 (electronic)},
      ISSN = {1472-2747},
   MRCLASS = {57M27 (57R56)},
  MRNUMBER = {MR1928174 (2004d:57016)},
MRREVIEWER = {Jacob Andrew Rasmussen},
    note   = {arXiv:\arxiv{math.GT/0103190}},
}

@article {MR2034399,
    AUTHOR = {Khovanov, Mikhail},
     TITLE = {Patterns in knot cohomology. {I}},
   JOURNAL = {Experiment. Math.},
  FJOURNAL = {Experimental Mathematics},
    VOLUME = {12},
      YEAR = {2003},
    NUMBER = {3},
     PAGES = {365--374},
      ISSN = {1058-6458},
   MRCLASS = {57M27 (18G60 57M25 57R56)},
  MRNUMBER = {MR2034399 (2004m:57022)},
MRREVIEWER = {Jacob Andrew Rasmussen},
}

@article {MR2100691,
    AUTHOR = {Khovanov, Mikhail},
     TITLE = {sl(3) link homology},
   JOURNAL = {Algebr. Geom. Topol.},
  FJOURNAL = {Algebraic \& Geometric Topology},
    VOLUME = {4},
      YEAR = {2004},
     PAGES = {1045--1081 (electronic)},
      ISSN = {1472-2747},
   MRCLASS = {57M27 (18G60 57R56)},
  MRNUMBER = {MR2100691 (2005g:57032)},
MRREVIEWER = {Justin Sawon},
      note = {arXiv:\arxiv{math.QA/0304375}},
}

@article {MR2124557,
    AUTHOR = {Khovanov, Mikhail},
     TITLE = {Categorifications of the colored {J}ones polynomial},
   JOURNAL = {J. Knot Theory Ramifications},
  FJOURNAL = {Journal of Knot Theory and its Ramifications},
    VOLUME = {14},
      YEAR = {2005},
    NUMBER = {1},
     PAGES = {111--130},
      ISSN = {0218-2165},
   MRCLASS = {57M27},
  MRNUMBER = {MR2124557 (2006a:57016)},
MRREVIEWER = {Marta M. Asaeda},
}

@article {MR2171235,
    AUTHOR = {Khovanov, Mikhail},
     TITLE = {An invariant of tangle cobordisms},
   JOURNAL = {Trans. Amer. Math. Soc.},
  FJOURNAL = {Transactions of the American Mathematical Society},
    VOLUME = {358},
      YEAR = {2006},
    NUMBER = {1},
     PAGES = {315--327 (electronic)},
      ISSN = {0002-9947},
     CODEN = {TAMTAM},
   MRCLASS = {57Q45},
  MRNUMBER = {MR2171235},
      note = {arXiv:\arxiv{math.GT/0207264}},
}

@misc{math.QA/0401268,
    title = {{Matrix factorizations and link homology}},
    author = {Mikhail Khovanov and Lev Rozansky},
      note = {arXiv:\arxiv{math.QA/0401268}}}

@misc{math.QA/0505056,
    title = {{Matrix factorizations and link homology II}},
    author = {Mikhail Khovanov and Lev Rozansky},
      note = {arXiv:\arxiv{math.QA/0505056}}}

@incollection {MR2048108,
    AUTHOR = {Thurston, Dylan P.},
     TITLE = {The algebra of knotted trivalent graphs and {T}uraev's shadow
              world},
 BOOKTITLE = {Invariants of knots and 3-manifolds (Kyoto, 2001)},
    SERIES = {Geom. Topol. Monogr.},
    VOLUME = {4},
     PAGES = {337--362 (electronic)},
 PUBLISHER = {Geom. Topol. Publ., Coventry},
      YEAR = {2002},
   MRCLASS = {57M25 (57M15 57M20 57Q40)},
  MRNUMBER = {MR2048108 (2005c:57010)},
MRREVIEWER = {Marko Kranjc},
      note = {arXiv:\arxiv{math.GT/0311458}},
}

@article {MR1403861,
    AUTHOR = {Kuperberg, Greg},
     TITLE = {Spiders for rank {$2$} {L}ie algebras},
   JOURNAL = {Comm. Math. Phys.},
  FJOURNAL = {Communications in Mathematical Physics},
    VOLUME = {180},
      YEAR = {1996},
    NUMBER = {1},
     PAGES = {109--151},
      ISSN = {0010-3616},
     CODEN = {CMPHAY},
   MRCLASS = {17B10 (22E60 81R05)},
  MRNUMBER = {MR1403861 (97f:17005)},
MRREVIEWER = {Stefano Capparelli},
      note = {arXiv:\arxiv{q-alg/9712003}},
}

@misc{math.GT/0606318,
    title  = {{Fast Khovanov Homology Computations}},
    author = {Dror Bar-Natan},
    note   = {arXiv:\arxiv{math.GT/0606318}},
    url    = {http://www.math.toronto.edu/~drorbn/papers/FastKh/}
    }

@misc{math.GT/0603347,
    title = {{On the Algebraic Structure of Bar-Natan's Universal
        Geometric Complex and the Geometric Structure of Khovanov
        Link Homology Theories}},
    author = {Gad Naot},
    note   = {arXiv:\arxiv{math.GT/0603347}}}

@misc{math.QA/9909027,
    title = {{Planar algebras, I}},
    author = {Vaughan F. R. Jones},
    note   = {arXiv:\arxiv{math.QA/9909027}}}

@article {MR1217386,
    AUTHOR = {Turaev, V. and Wenzl, H.},
     TITLE = {Quantum invariants of {$3$}-manifolds associated with
              classical simple {L}ie algebras},
   JOURNAL = {Internat. J. Math.},
  FJOURNAL = {International Journal of Mathematics},
    VOLUME = {4},
      YEAR = {1993},
    NUMBER = {2},
     PAGES = {323--358},
      ISSN = {0129-167X},
   MRCLASS = {57M25 (17B37 57N10)},
  MRNUMBER = {MR1217386 (94i:57019)},
MRREVIEWER = {Toshitake Kohno},
}

@article {MR1470857,
    AUTHOR = {Wenzl, Hans},
     TITLE = {{$C\sp *$} tensor categories from quantum groups},
   JOURNAL = {J. Amer. Math. Soc.},
  FJOURNAL = {Journal of the American Mathematical Society},
    VOLUME = {11},
      YEAR = {1998},
    NUMBER = {2},
     PAGES = {261--282},
      ISSN = {0894-0347},
   MRCLASS = {46L89 (17B37 46L05)},
  MRNUMBER = {MR1470857 (98k:46123)},
MRREVIEWER = {Andrzej Sitarz},
    eprint = {\url{http://ftp.ams.org/jams/1998-11-02/S0894-0347-98-00253-7/S0894-0347-98-00253-7.pdf}},
}

@misc{math.GT/0603307,
    title  = {{The universal sl3-link homology}},
    author = {Marco Mackaay and Pedro Vaz},
    note  = {arXiv:\arxiv{math.GT/0603307}}}

 @misc{wiki:Grothendieck-group,
   author = "Wikipedia",
   title = "Grothendieck group --- Wikipedia{,} The Free Encyclopedia",
   year = "2006",
   note = "[\href{http://en.wikipedia.org/w/index.php?title=Grothendieck_group&oldid=52451663}{Online}; accessed 30-June-2006]"
 }

 @misc{wiki:Invariant-basis-number,
   author = "Wikipedia",
   title = "Invariant basis number --- Wikipedia{,} The Free Encyclopedia",
   year = "2006",
   note = "[\href{http://en.wikipedia.org/w/index.php?title=Invariant_basis_number&oldid=85220456}{Online}; accessed 24-December-2006]"
 }

@article {MR1403351,
    AUTHOR = {Etingof, Pavel and Kazhdan, David},
     TITLE = {Quantization of {L}ie bialgebras. {I}},
   JOURNAL = {Selecta Math. (N.S.)},
  FJOURNAL = {Selecta Mathematica. New Series},
    VOLUME = {2},
      YEAR = {1996},
    NUMBER = {1},
     PAGES = {1--41},
      ISSN = {1022-1824},
     CODEN = {SMATF6},
   MRCLASS = {17B37 (16W30 18D20 81R50)},
  MRNUMBER = {MR1403351 (97f:17014)},
MRREVIEWER = {Yu. N. Bespalov},
}

@article {MR1669953,
    AUTHOR = {Etingof, Pavel and Kazhdan, David},
     TITLE = {Quantization of {L}ie bialgebras. {II}},
   JOURNAL = {Selecta Math. (N.S.)},
  FJOURNAL = {Selecta Mathematica. New Series},
    VOLUME = {4},
      YEAR = {1998},
    NUMBER = {2},
     PAGES = {213--231, 233--269},
      ISSN = {1022-1824},
     CODEN = {SMATF6},
   MRCLASS = {17B62 (16W35 17B37 18D20)},
  MRNUMBER = {MR1669953 (2000i:17033)},
MRREVIEWER = {Benjamin David Enriquez},
      note = {arXiv:\arxiv{q-alg/9701038}},
}

@article {MR1771217,
    AUTHOR = {Etingof, Pavel and Kazhdan, David},
     TITLE = {Quantization of {L}ie bialgebras. {IV}. {T}he coinvariant
              construction and the quantum {KZ} equations},
   JOURNAL = {Selecta Math. (N.S.)},
  FJOURNAL = {Selecta Mathematica. New Series},
    VOLUME = {6},
      YEAR = {2000},
    NUMBER = {1},
     PAGES = {79--104},
      ISSN = {1022-1824},
     CODEN = {SMATF6},
   MRCLASS = {17B37 (32G34 81R50)},
  MRNUMBER = {MR1771217 (2002i:17021)},
}

@article {MR1771218,
    AUTHOR = {Etingof, Pavel and Kazhdan, David},
     TITLE = {Quantization of {L}ie bialgebras. {V}. {Q}uantum vertex
              operator algebras},
   JOURNAL = {Selecta Math. (N.S.)},
  FJOURNAL = {Selecta Mathematica. New Series},
    VOLUME = {6},
      YEAR = {2000},
    NUMBER = {1},
     PAGES = {105--130},
      ISSN = {1022-1824},
     CODEN = {SMATF6},
   MRCLASS = {17B37 (17B69 81R50)},
  MRNUMBER = {MR1771218 (2002i:17022)},
}

@article {MR2253455,
    AUTHOR = {Bar-Natan, Dror and Morrison, Scott},
     TITLE = {The {K}aroubi envelope and {L}ee's degeneration of {K}hovanov
              homology},
   JOURNAL = {Algebr. Geom. Topol.},
  FJOURNAL = {Algebraic \& Geometric Topology},
    VOLUME = {6},
      YEAR = {2006},
     PAGES = {1459--1469 (electronic)},
      ISSN = {1472-2747},
   MRCLASS = {57M27 (18E05 57M25)},
  MRNUMBER = {MR2253455},
      note = {arXiv:\arxiv{math.GT/0606542}},
}

%S! fix this citation!
@article{morrison-walker,
    AUTHOR = {Scott Morrison and Kevin Walker},
    TITLE = {Fixing the functoriality of Khovanov homology},
     note = {\url{http://scott-morrison.org/functoriality}},
}

@misc{kw:tqft,
    AUTHOR = {Walker, Kevin},
    TITLE  = {Topological Quantum Field Theories},
    URL    = {http://canyon23.net/math/tc.pdf},
}

@article{math.GT/0206303,
    title = {{An invariant of link cobordisms from Khovanov homology}},
    author = {Magnus Jacobsson},
    journal = {Algebr. Geom. Topol.},
    volume = 4,
    year = 2004,
    pages = {1211--1251},
    note = {arXiv:\arxiv{math.GT/0206303}}}

@misc{math.GT/0610650,
    title = {{Khovanov-Rozansky homology via a canopolis formalism}},
    author = {Ben Webster},
      note = {arXiv:\arxiv{math.GT/0610650}}}

@misc{green-implementation,
    title = {{JavaKh}},
    author= {Jeremey Green},
    note = {\url{http://katlas.math.toronto.edu/wiki/Khovanov_Homology}},
}

@misc{ortiz-navarro,
    title = {{Khovanov Homology and Reidemeister Torsion}},
    author ={Juan Ariel Ortiz-Navarro and Chris Truman},
    note = {a talk at the 2006 Toronto CMS meeting, slides at \url{http://www.math.uiowa.edu/~jortizna/Present-CMS-06.pdf}},
}

@book {MR1438306,
    AUTHOR = {Gelfand, Sergei I. and Manin, Yuri I.},
     TITLE = {Methods of homological algebra},
      NOTE = {Translated from the 1988 Russian original},
 PUBLISHER = {Springer-Verlag},
   ADDRESS = {Berlin},
      YEAR = {1996},
     PAGES = {xviii+372},
      ISBN = {3-540-54746-0},
   MRCLASS = {18-02 (18Exx 18Gxx 55U35)},
  MRNUMBER = {MR1438306 (97j:18001)},
}

@book{jantzen,
    title = {Lectures on Quantum Groups},
    publisher = {American Mathematical Society},
    author = {Jens Carsten Jantzen},
    year = {1996},
    SERIES = {Graduate Studies in Mathematics},
    VOLUME = {6},
   ADDRESS = {Providence, RI},
     PAGES = {viii+266},
      ISBN = {0-8218-0478-2},
   MRCLASS = {17B37 (16W30)},
  MRNUMBER = {MR1359532 (96m:17029)},
MRREVIEWER = {Arun Ram},
     note = {\mathscinet{MR1359532} \googlebooks{uOGqPjjVt0AC}},
}

@book {cp,
    AUTHOR = {Chari, Vyjayanthi and Pressley, Andrew},
     TITLE = {A guide to quantum groups},
 PUBLISHER = {Cambridge University Press},
   ADDRESS = {Cambridge},
      YEAR = {1995},
     PAGES = {xvi+651},
      ISBN = {0-521-55884-0},
   MRCLASS = {17B37 (16W30 81R50)},
  MRNUMBER = {MR1358358 (96h:17014)},
     note = {\mathscinet{MR1358358} \googlebooks{YQSKPnFzDOEC}},
}

@article {MR1099254,
    AUTHOR = {Zhang, R. B. and Gould, M. D. and Bracken, A. J.},
     TITLE = {Quantum group invariants and link polynomials},
   JOURNAL = {Comm. Math. Phys.},
  FJOURNAL = {Communications in Mathematical Physics},
    VOLUME = {137},
      YEAR = {1991},
    NUMBER = {1},
     PAGES = {13--27},
      ISSN = {0010-3616},
     CODEN = {CMPHAY},
   MRCLASS = {17B37 (57M25 81R50)},
  MRNUMBER = {MR1099254 (92j:17016)},
MRREVIEWER = {Tetsuo Deguchi},
 note = {\mathscinet{MR1099254}},
}

@incollection {MR1026957,
    AUTHOR = {Kirillov, A. N. and Reshetikhin, N. Yu.},
     TITLE = {Representations of the algebra {${U}\sb q({\rm
              sl}(2)),\;q$}-orthogonal polynomials and invariants of links},
 BOOKTITLE = {Infinite-dimensional Lie algebras and groups
              (Luminy-Marseille, 1988)},
    SERIES = {Adv. Ser. Math. Phys.},
    VOLUME = {7},
     PAGES = {285--339},
 PUBLISHER = {World Sci. Publ., Teaneck, NJ},
      YEAR = {1989},
   MRCLASS = {17B35 (05A30 16A24 33A65 57M25 81C40)},
  MRNUMBER = {MR1026957 (90m:17022)},
MRREVIEWER = {Bruce W. Westbury},
note = {\mathscinet{MR1026957}},
}

@book {bourbaki,
    AUTHOR = {Bourbaki, N.},
     TITLE = {\'{E}l\'ements de math\'ematique. {F}asc. {XXXIV}. {G}roupes
              et alg\`ebres de {L}ie. {C}hapitre {IV}: {G}roupes de
              {C}oxeter et syst\`emes de {T}its. {C}hapitre {V}: {G}roupes
              engendr\'es par des r\'eflexions. {C}hapitre {VI}: syst\`emes
              de racines},
    SERIES = {Actualit\'es Scientifiques et Industrielles, No. 1337},
 PUBLISHER = {Hermann},
   ADDRESS = {Paris},
      YEAR = {1968},
     PAGES = {288 pp. (loose errata)},
   MRCLASS = {22.50 (17.00)},
  MRNUMBER = {MR0240238 (39 \#1590)},
MRREVIEWER = {G. B. Seligman},
 note = {\mathscinet{MR0240238} \googlebooks{2CSYFcgAlRMC}},
}

@article {MR939474,
    AUTHOR = {Turaev, V. G.},
     TITLE = {The {Y}ang-{B}axter equation and invariants of links},
   JOURNAL = {Invent. Math.},
  FJOURNAL = {Inventiones Mathematicae},
    VOLUME = {92},
      YEAR = {1988},
    NUMBER = {3},
     PAGES = {527--553},
      ISSN = {0020-9910},
     CODEN = {INVMBH},
   MRCLASS = {57M25 (20F36 82A68)},
  MRNUMBER = {MR939474 (89e:57003)},
MRREVIEWER = {Toshitake Kohno},
note = {\mathscinet{MR939474}},
}

@article {MR1090432,
    AUTHOR = {Wenzl, Hans},
     TITLE = {Quantum groups and subfactors of type {$B$}, {$C$}, and {$D$}},
   JOURNAL = {Comm. Math. Phys.},
  FJOURNAL = {Communications in Mathematical Physics},
    VOLUME = {133},
      YEAR = {1990},
    NUMBER = {2},
     PAGES = {383--432},
      ISSN = {0010-3616},
     CODEN = {CMPHAY},
   MRCLASS = {17B37 (16G10 46L37 57M25)},
  MRNUMBER = {MR1090432 (92k:17032)},
MRREVIEWER = {Richard Dipper},
note = {\mathscinet{MR1090432}},
}

@preamble{
   "\def\cprime{$'$} "
}
@article {MR1025161,
    AUTHOR = {Reshetikhin, N. Yu.},
     TITLE = {Quasitriangular {H}opf algebras and invariants of links},
   JOURNAL = {Algebra i Analiz},
  FJOURNAL = {Algebra i Analiz},
    VOLUME = {1},
      YEAR = {1989},
    NUMBER = {2},
     PAGES = {169--188},
      ISSN = {0234-0852},
   MRCLASS = {17B35 (16A24 57M25)},
  MRNUMBER = {MR1025161 (90k:17033)},
MRREVIEWER = {Ya. S. So{\u\i}bel{\cprime}man},
note = {\mathscinet{MR1025161}},
}

@article {MR1036112,
    AUTHOR = {Reshetikhin, N. Yu. and Turaev, V. G.},
     TITLE = {Ribbon graphs and their invariants derived from quantum
              groups},
   JOURNAL = {Comm. Math. Phys.},
  FJOURNAL = {Communications in Mathematical Physics},
    VOLUME = {127},
      YEAR = {1990},
    NUMBER = {1},
     PAGES = {1--26},
      ISSN = {0010-3616},
     CODEN = {CMPHAY},
   MRCLASS = {57M25 (16W30 17B35)},
  MRNUMBER = {MR1036112 (91c:57016)},
MRREVIEWER = {Louis H. Kauffman},
note = {\mathscinet{MR1036112}},
}

@article {MR1318886,
    AUTHOR = {Bar-Natan, Dror},
     TITLE = {On the {V}assiliev knot invariants},
   JOURNAL = {Topology},
  FJOURNAL = {Topology. An International Journal of Mathematics},
    VOLUME = {34},
      YEAR = {1995},
    NUMBER = {2},
     PAGES = {423--472},
      ISSN = {0040-9383},
     CODEN = {TPLGAF},
   MRCLASS = {57M25},
  MRNUMBER = {MR1318886 (97d:57004)},
MRREVIEWER = {Simon Willerton},
note = {\mathscinet{MR1318886}},
}

@article{reshetikhin,
AUTHOR = {N. Yu. Reshetikhin},
TITLE = {Quantized universal enveloping algebras, the Yang-Baxter equation and invariants of links (I \& II)},
JOURNAL = {LOMI preprints},
ADDRESS = {Leningrad},
NUMBER = {E-4-87 & E-17-87},
YEAR = {1988},
}

@article {MR776477,
    AUTHOR = {Freyd, P. and Yetter, D. and Hoste, J. and Lickorish, W. B. R.
              and Millett, K. and Ocneanu, A.},
     TITLE = {A new polynomial invariant of knots and links},
   JOURNAL = {Bull. Amer. Math. Soc. (N.S.)},
  FJOURNAL = {American Mathematical Society. Bulletin. New Series},
    VOLUME = {12},
      YEAR = {1985},
    NUMBER = {2},
     PAGES = {239--246},
      ISSN = {0273-0979},
     CODEN = {BAMOAD},
   MRCLASS = {57M25},
  MRNUMBER = {MR776477 (86e:57007)},
MRREVIEWER = {J. S. Birman},
note = {\mathscinet{MR776477}},
}

@article {MR958895,
    AUTHOR = {Kauffman, Louis H.},
     TITLE = {An invariant of regular isotopy},
   JOURNAL = {Trans. Amer. Math. Soc.},
  FJOURNAL = {Transactions of the American Mathematical Society},
    VOLUME = {318},
      YEAR = {1990},
    NUMBER = {2},
     PAGES = {417--471},
      ISSN = {0002-9947},
     CODEN = {TAMTAM},
   MRCLASS = {57M25},
  MRNUMBER = {MR958895 (90g:57007)},
MRREVIEWER = {Hugh Reynolds Morton},
note = {\mathscinet{MR958895}},
}

@article {MR1024455,
    AUTHOR = {Turaev, V. G.},
     TITLE = {Operator invariants of tangles, and {$R$}-matrices},
   JOURNAL = {Izv. Akad. Nauk SSSR Ser. Mat.},
  FJOURNAL = {Izvestiya Akademii Nauk SSSR. Seriya Matematicheskaya},
    VOLUME = {53},
      YEAR = {1989},
    NUMBER = {5},
     PAGES = {1073--1107, 1135},
      ISSN = {0373-2436},
   MRCLASS = {17B37 (57M25 82B23)},
  MRNUMBER = {MR1024455 (91e:17011)},
MRREVIEWER = {Ya. S. So{\u\i}bel{\cprime}man},
note = {\mathscinet{MR1024455} \doi{10.1070/IM1990v035n02ABEH000711}}
}

This is the paper that describes the relationship between the Kauffman polynomial and the Dubrovnik polynomial:
@article {MR966143,
    AUTHOR = {Lickorish, W. B. R.},
     TITLE = {Some link-polynomial relations},
   JOURNAL = {Math. Proc. Cambridge Philos. Soc.},
  FJOURNAL = {Mathematical Proceedings of the Cambridge Philosophical
              Society},
    VOLUME = {105},
      YEAR = {1989},
    NUMBER = {1},
     PAGES = {103--107},
      ISSN = {0305-0041},
     CODEN = {MPCPCO},
   MRCLASS = {57M25},
  MRNUMBER = {MR966143 (90e:57010)},
MRREVIEWER = {Louis H. Kauffman},
note={\mathscinet{MR966143}},
}

although it's also described here:
@article {MR980759,
    AUTHOR = {Lickorish, W. B. R.},
     TITLE = {Polynomials for links},
   JOURNAL = {Bull. London Math. Soc.},
  FJOURNAL = {The Bulletin of the London Mathematical Society},
    VOLUME = {20},
      YEAR = {1988},
    NUMBER = {6},
     PAGES = {558--588},
      ISSN = {0024-6093},
     CODEN = {LMSBBT},
   MRCLASS = {57M25},
  MRNUMBER = {MR980759 (90d:57004)},
MRREVIEWER = {J{\'o}zef H. Przytycki},
note = {\mathscinet{MR980759} \doi{10.1112/blms/20.6.558}},
}

@article {MR1474862,
    AUTHOR = {Morton, Hugh R. and Beltrami, Elisabetta},
     TITLE = {Arc index and the {K}auffman polynomial},
   JOURNAL = {Math. Proc. Cambridge Philos. Soc.},
  FJOURNAL = {Mathematical Proceedings of the Cambridge Philosophical
              Society},
    VOLUME = {123},
      YEAR = {1998},
    NUMBER = {1},
     PAGES = {41--48},
      ISSN = {0305-0041},
     CODEN = {MPCPCO},
   MRCLASS = {57M25},
  MRNUMBER = {MR1474862 (98i:57015)},
MRREVIEWER = {Lee Rudolph},
note = {\mathscinet{MR1474862} \doi{10.1017/S0305004197002090}},
}
